@article{DominicSpohr,
author = {Dominic Spohr},
title ={Fake news and ideological polarization: Filter bubbles and selective exposure on social media},

journal = {Business Information Review},
volume = {34},
number = {3},
pages = {150-160},
year = {2017}
}

@article{UserModeling,
author = {Billsus, Daniel and Pazzani, Michael},
year = {2003},
month = {03},
pages = {},
title = {User Modeling for Adaptive News Access},
volume = {10},
journal = {User Modelling and User-Adapted Interaction},
doi = {10.1023/A:1026501525781}
}

@article{EuropeanParliament,
author = {Pedreschi, D. and Miliou, I.},
year = {2020},
pages = {},
title = {Directorate-General for Internal Policies of the Union Artificial Intelligence (AI): new developments and innovations applied to e-commerce European Parliament},
}

@misc{krauth2022breaking,
      title={Breaking Feedback Loops in Recommender Systems with Causal Inference}, 
      author={Karl Krauth and Yixin Wang and Michael I. Jordan},
      year={2022},
      eprint={2207.01616},
      archivePrefix={arXiv},
      primaryClass={cs.IR}
}


@article{KhritankovFeedbackLoops,
    author = {Khritankov, Anton},
    year = {2023},
    month = {06},
    pages = {1-19},
    title = {Positive feedback loops lead to concept drift in machine learning systems},
    volume = {53},
    journal = {Applied Intelligence},
    doi = {10.1007/s10489-023-04615-3}
}

@inproceedings{TowardsConversational,
author = {Zhang, Yongfeng and Chen, Xu and Ai, Qingyao and Yang, Liu and Croft, W. Bruce},
title = {Towards Conversational Search and Recommendation: System Ask, User Respond},
year = {2018},
isbn = {9781450360142},
publisher = {Association for Computing Machinery},
url = {https://doi.org/10.1145/3269206.3271776},
doi = {10.1145/3269206.3271776},
booktitle = {Proceedings of the 27th ACM International Conference on Information and Knowledge Management},
pages = {177–186},
numpages = {10},
location = {Torino, Italy},
series = {CIKM '18}
}

@misc{wang2013theoretical,
      title={A Theoretical Analysis of NDCG Type Ranking Measures}, 
      author={Yining Wang and Liwei Wang and Yuanzhi Li and Di He and Tie-Yan Liu and Wei Chen},
      year={2013},
      eprint={1304.6480},
      archivePrefix={arXiv},
      primaryClass={cs.LG}
}

@misc{krueger2020hidden,
      title={Hidden Incentives for Auto-Induced Distributional Shift}, 
      author={David Krueger and Tegan Maharaj and Jan Leike},
      year={2020},
      eprint={2009.09153},
      archivePrefix={arXiv},
      primaryClass={cs.LG}
}

@inproceedings{inproceedings,
author = {Burtini, Giuseppe and Loeppky, Jason and Lawrence, Ramon},
year = {2015},
month = {04},
pages = {},
title = {￼Improving Online Marketing Experiments with Drifting Multi-Armed Bandits},
volume = {1},
journal = {ICEIS 2015 - 17th International Conference on Enterprise Information Systems, Proceedings},
doi = {10.5220/0005458706300636}
}

@misc{veprikov2024mathematical,
      title={A Mathematical Model of the Hidden Feedback Loop Effect in Machine Learning Systems}, 
      author={Andrey Veprikov and Alexander Afanasiev and Anton Khritankov},
      year={2024},
      eprint={2405.02726},
      archivePrefix={arXiv},
      primaryClass={cs.LG}
}
Pedreschi, D. and Miliou, I. and European Parliament. Directorate-General for Internal Policies of the Union Artificial Intelligence (AI): new developments and innovations applied to e-commerce European Parliament, 2020.\newline


@article{ma2020machine,
  title={Machine learning from a continuous viewpoint, I},
  author={Ma, Chao and Wu, Lei and others},
  journal={Science China Mathematics},
  volume={63},
  number={11},
  pages={2233--2266},
  year={2020},
  publisher={Springer}
}

@inproceedings{khritankov2021existence,
  title={Existence conditions for hidden feedback loops in online recommender systems},
  author={Khritankov, Anton and Pilkevich, Anton},
  booktitle={Web Information Systems Engineering--WISE 2021: 22nd International Conference on Web Information Systems Engineering, WISE 2021, Melbourne, VIC, Australia, October 26--29, 2021, Proceedings, Part II 22},
  pages={267--274},
  year={2021},
  organization={Springer}
}

@inproceedings{jiang2019degenerate,
  title={Degenerate feedback loops in recommender systems},
  author={Jiang, Ray and Chiappa, Silvia and Lattimore, Tor and Gy{\"o}rgy, Andr{\'a}s and Kohli, Pushmeet},
  booktitle={Proceedings of the 2019 AAAI/ACM Conference on AI, Ethics, and Society},
  pages={383--390},
  year={2019}
}

@inproceedings{adam2020hidden,
  title={Hidden risks of machine learning applied to healthcare: unintended feedback loops between models and future data causing model degradation},
  author={Adam, George Alexandru and Chang, Chun-Hao Kingsley and Haibe-Kains, Benjamin and Goldenberg, Anna},
  booktitle={Machine Learning for Healthcare Conference},
  pages={710--731},
  year={2020},
  organization={PMLR}
}

@article{sinha2016deconvolving,
  title={Deconvolving feedback loops in recommender systems},
  author={Sinha, Ayan and Gleich, David F and Ramani, Karthik},
  journal={Advances in neural information processing systems},
  volume={29},
  year={2016}
}

@inproceedings{ensign2018runaway,
  title={Runaway feedback loops in predictive policing},
  author={Ensign, Danielle and Friedler, Sorelle A and Neville, Scott and Scheidegger, Carlos and Venkatasubramanian, Suresh},
  booktitle={Conference on fairness, accountability and transparency},
  pages={160--171},
  year={2018},
  organization={PMLR}
}

@inproceedings{khritankov2021hidden,
  title={Hidden feedback loops in machine learning systems: A simulation model and preliminary results},
  author={Khritankov, Anton},
  booktitle={Software Quality: Future Perspectives on Software Engineering Quality: 13th International Conference, SWQD 2021, Vienna, Austria, January 19--21, 2021, Proceedings 13},
  pages={54--65},
  year={2021},
  organization={Springer}
}

@book{katok1995introduction,
  title={Introduction to the modern theory of dynamical systems},
  author={Katok, Anatole and Hasselblatt, Boris},
  number={54},
  year={1995},
  publisher={Cambridge university press}
}

@book{nemytskii2015qualitative,
  title={Qualitative theory of differential equations},
  author={Nemytskii, Viktor Vladimirovich},
  volume={2083},
  year={2015},
  publisher={Princeton University Press}
}

@article{tarlowski2017global,
  title={Global convergence of discrete-time inhomogeneous Markov processes from dynamical systems perspective},
  author={Tar{\l}owski, Dawid},
  journal={Journal of Mathematical Analysis and Applications},
  volume={448},
  number={2},
  pages={1489--1512},
  year={2017},
  publisher={Elsevier}
}

@article{varvenne2019rate,
  title={Rate of convergence to equilibrium for discrete-time stochastic dynamics with memory},
  author={Varvenne, Maylis},
  year={2019}
}

@article{vershik2005does,
  title={What does a typical Markov operator look like?},
  author={Vershik, Anatolii Moiseevich},
  journal={Algebra i Analiz},
  volume={17},
  number={5},
  pages={91--104},
  year={2005},
  publisher={St. Petersburg Department of Steklov Institute of Mathematics, Russian~…}
}

@article{pap1996fixed,
  title={A fixed point theorem in probabilistic metric spaces and an application},
  author={Pap, E and Had{\v{z}}i{\'c}, O and Mesiar, R},
  journal={Journal of Mathematical Analysis and Applications},
  volume={202},
  number={2},
  pages={433--449},
  year={1996},
  publisher={Elsevier}
}

@book{shiryaev2016probability,
  title={Probability-1},
  author={Shiryaev, Albert N},
  volume={95},
  year={2016},
  publisher={Springer}
}

@book{kolmogorov1957elements,
  title={Elements of the theory of functions and functional analysis},
  author={Kolmogorov, Andre{\u\i} Nikolaevich and Fomin, Serge{\u\i} Vasil`evich},
  volume={1},
  year={1957},
  publisher={Courier Corporation}
}

@book{rudin1991functional,
  title={Functional Analysis},
  author={Rudin, W.},
  isbn={9780070542365},
  lccn={lc90005677},
  series={International series in pure and applied mathematics},
  url={https://books.google.ru/books?id=Sh\_vAAAAMAAJ},
  year={1991},
  publisher={McGraw-Hill}
}

@book{rudin2006real,
  title={Real and Complex Analysis},
  author={Rudin, W.},
  isbn={9780070619876},
  series={McGraw-Hill series in higher mathematics},
  url={https://books.google.ru/books?id=3d8umJoRd08C},
  year={2006},
  publisher={Tata McGraw-Hill}
}

@article{dvoretzky1956asymptotic,
  title={Asymptotic minimax character of the sample distribution function and of the classical multinomial estimator},
  author={Dvoretzky, Aryeh and Kiefer, Jack and Wolfowitz, Jacob},
  journal={The Annals of Mathematical Statistics},
  pages={642--669},
  year={1956},
  publisher={JSTOR}
}